<record><leader>00000cas a2200000 a 4500</leader><controlfield tag="001">8811337</controlfield><controlfield tag="008">820927d18271829fluwr ne      0    0eng  </controlfield><datafield ind1=" " ind2=" " tag="010"><subfield code="a">sn 82015294 </subfield></datafield><datafield ind1=" " ind2=" " tag="040"><subfield code="a">DLC</subfield><subfield code="b">eng</subfield><subfield code="c">DLC</subfield><subfield code="d">NSD</subfield><subfield code="d">DLC</subfield><subfield code="d">NPX</subfield><subfield code="d">DLC</subfield><subfield code="d">FUG</subfield><subfield code="d">OCL</subfield><subfield code="d">OCLCQ</subfield><subfield code="d">DLC</subfield><subfield code="d">OCLCO</subfield><subfield code="d">OCLCQ</subfield><subfield code="d">OCLCF</subfield></datafield><datafield ind1=" " ind2=" " tag="012"><subfield code="i">9512</subfield></datafield><datafield ind1="1" ind2=" " tag="029"><subfield code="a">AU@</subfield><subfield code="b">000020120011</subfield></datafield><datafield ind1=" " ind2=" " tag="042"><subfield code="a">pcc</subfield></datafield><datafield ind1=" " ind2=" " tag="043"><subfield code="a">n-us-fl</subfield></datafield><datafield ind1="0" ind2="0" tag="050"><subfield code="a">Newspaper 7480</subfield></datafield><datafield ind1="0" ind2=" " tag="130"><subfield code="a">Florida advocate (Tallahassee, Fla.)</subfield></datafield><datafield ind1="1" ind2="0" tag="245"><subfield code="a">Florida advocate.</subfield></datafield><datafield ind1="1" ind2="3" tag="246"><subfield code="a">Advocate</subfield></datafield><datafield ind1=" " ind2=" " tag="260"><subfield code="a">Tallahassee [Fla. :</subfield><subfield code="b">s.n.],</subfield><subfield code="c">-1829.</subfield></datafield><datafield ind1=" " ind2=" " tag="300"><subfield code="a">v. :</subfield><subfield code="b">ill. (chiefly advertisements) ;</subfield><subfield code="c">52 cm.</subfield></datafield><datafield ind1=" " ind2=" " tag="310"><subfield code="a">Weekly</subfield></datafield><datafield ind1="0" ind2=" " tag="362"><subfield code="a">-v. 3, no. 10 (Aug. 8, 1829).</subfield></datafield><datafield ind1="1" ind2=" " tag="362"><subfield code="a">Began in 1827.</subfield></datafield><datafield ind1=" " ind2=" " tag="500"><subfield code="a">Publisher's name recorded in McMurtrie, D.C. Beginnings of printing in Fla., 1950.</subfield></datafield><datafield ind1=" " ind2=" " tag="500"><subfield code="a">Publishers: Edgar Macon, &lt;1827&gt;; Joseph D. Davenport, 1827-1829.</subfield></datafield><datafield ind1=" " ind2=" " tag="500"><subfield code="a">Editors: Beall &amp; Greenup, 1827-1828; L.A. Thompson, &lt;1829&gt;.</subfield></datafield><datafield ind1=" " ind2=" " tag="530"><subfield code="a">Also issued on microfilm from the University of Florida, and the Library of Congress, Photoduplication Service.</subfield></datafield><datafield ind1=" " ind2=" " tag="588"><subfield code="a">Description based on: Vol. 1, no. 10 (May 12, 1827).</subfield></datafield><datafield ind1=" " ind2="0" tag="651"><subfield code="a">Tallahassee (Fla.)</subfield><subfield code="v">Newspapers.</subfield></datafield><datafield ind1=" " ind2="0" tag="651"><subfield code="a">Leon County (Fla.)</subfield><subfield code="v">Newspapers.</subfield></datafield><datafield ind1=" " ind2="7" tag="655"><subfield code="a">Newspapers.</subfield><subfield code="2">fast</subfield><subfield code="0">(OCoLC)fst01423814</subfield></datafield><datafield ind1=" " ind2="7" tag="651"><subfield code="a">Florida</subfield><subfield code="z">Leon County.</subfield><subfield code="2">fast</subfield><subfield code="0">(OCoLC)fst01206533</subfield></datafield><datafield ind1=" " ind2="7" tag="651"><subfield code="a">Florida</subfield><subfield code="z">Tallahassee.</subfield><subfield code="2">fast</subfield><subfield code="0">(OCoLC)fst01206534</subfield></datafield><datafield ind1=" " ind2=" " tag="752"><subfield code="a">United States</subfield><subfield code="b">Florida</subfield><subfield code="c">Leon</subfield><subfield code="d">Tallahassee.</subfield></datafield><datafield ind1="0" ind2="0" tag="780"><subfield code="t">Florida intelligencer</subfield><subfield code="w">(DLC)sn 82015186</subfield><subfield code="w">(OCoLC)8804854</subfield></datafield><datafield ind1="0" ind2="7" tag="785"><subfield code="t">Floridian (Tallahassee, Fla. : 1828)</subfield><subfield code="w">(DLC)sn 82015198</subfield><subfield code="w">(OCoLC)8807696</subfield></datafield><datafield ind1="0" ind2="7" tag="785"><subfield code="t">Floridian &amp; advocate</subfield><subfield code="w">(DLC)sn 82015199</subfield><subfield code="w">(OCoLC)8807712</subfield></datafield><datafield ind1=" " ind2=" " tag="850"><subfield code="a">FU</subfield></datafield></record>